<record><leader>00000cas a22000007a 4500</leader><controlfield tag="001">13149383</controlfield><controlfield tag="008">860213d18911899iduwr ne      0    0eng d</controlfield><datafield ind1=" " ind2=" " tag="010"><subfield code="a">sn 86091155 </subfield></datafield><datafield ind1=" " ind2=" " tag="040"><subfield code="a">UNP</subfield><subfield code="b">eng</subfield><subfield code="c">UNP</subfield><subfield code="d">NVB</subfield><subfield code="d">OCLCQ</subfield><subfield code="d">ONB</subfield><subfield code="d">OCLCO</subfield><subfield code="d">OCLCF</subfield></datafield><datafield ind1=" " ind2=" " tag="042"><subfield code="a">msc</subfield></datafield><datafield ind1=" " ind2="4" tag="050"><subfield code="a">AN2.I2</subfield><subfield code="b">N25</subfield></datafield><datafield ind1="0" ind2="4" tag="245"><subfield code="a">The Nampa leader.</subfield></datafield><datafield ind1=" " ind2=" " tag="260"><subfield code="a">Nampa, Idaho :</subfield><subfield code="b">[J. Horn]</subfield></datafield><datafield ind1=" " ind2=" " tag="300"><subfield code="a">v. :</subfield><subfield code="b">ill.</subfield></datafield><datafield ind1=" " ind2=" " tag="310"><subfield code="a">Weekly</subfield></datafield><datafield ind1="1" ind2=" " tag="362"><subfield code="a">Began with Apr. 3, 1891 issue; ceased in May 1899.</subfield></datafield><datafield ind1=" " ind2=" " tag="588"><subfield code="a">Description based on: Vol. 8, no. 18 (May 6, 1898).</subfield></datafield><datafield ind1=" " ind2="0" tag="651"><subfield code="a">Nampa (Idaho)</subfield><subfield code="x">Newspapers.</subfield></datafield><datafield ind1=" " ind2="7" tag="655"><subfield code="a">Newspapers.</subfield><subfield code="2">fast</subfield><subfield code="0">(OCoLC)fst01423814</subfield></datafield><datafield ind1=" " ind2="7" tag="651"><subfield code="a">Idaho</subfield><subfield code="z">Nampa.</subfield><subfield code="2">fast</subfield><subfield code="0">(OCoLC)fst01220479</subfield></datafield><datafield ind1=" " ind2=" " tag="752"><subfield code="a">United States</subfield><subfield code="b">Idaho</subfield><subfield code="c">Canyon</subfield><subfield code="d">Nampa.</subfield></datafield><datafield ind1="0" ind2="0" tag="785"><subfield code="t">Idaho leader (Nampa, Idaho)</subfield><subfield code="w">(DLC)sn 86091156</subfield><subfield code="w">(OCoLC)13149482</subfield></datafield></record>